@article{article,
    author = {Peng, Haiyun and Cambria, Erik and Hussain, Amir},
    year = {2017},
    month = {08},
    pages = {1-13},
    title = {A Review of Sentiment Analysis Research in Chinese Language},
    volume = {9},
    journal = {Cognitive Computation},
    doi = {10.1007/s12559-017-9470-8}
}