% Use this file for citations not found in the ACL Anthology (contained in "anthology.bib").

@inproceedings{Zhou2018EmotionalCM,
  title={Emotional Chatting Machine: Emotional Conversation Generation with Internal and External Memory},
  author={Hao Zhou and Minlie Huang and Tianyang Zhang and Xiaoyan Zhu and Bing-Qian Liu},
  booktitle={AAAI},
  year={2018}
}

@article{Rashkin2018IKT,
  title={I Know the Feeling: Learning to Converse with Empathy},
  author={Hannah Rashkin and Eric Michael Smith and Margaret Li and Y-Lan Boureau},
  journal={ArXiv},
  year={2018},
  volume={abs/1811.00207}
}